%% This BibTeX bibliography file was created using BibDesk.
%% http://bibdesk.sourceforge.net/


%% Created for Mohammad Mirzadeh at 2014-09-02 17:52:57 -0700 


%% Saved with string encoding Unicode (UTF-8) 



@article{Breus;Cristiani;Gwosdek;etal:11:An-adaptive-domain-d,
	Author = {Breu{\ss}, Michael and Cristiani, Emiliano and Gwosdek, Pascal and Vogel, Oliver},
	Date-Added = {2014-09-03 00:38:21 +0000},
	Date-Modified = {2014-09-03 00:51:14 +0000},
	Journal = {Applied Mathematics and Computation},
	Number = {1},
	Pages = {32--44},
	Publisher = {Elsevier},
	Title = {An adaptive domain-decomposition technique for parallelization of the fast marching method},
	Volume = {218},
	Year = {2011}}

@inproceedings{Fortmeier;Bucker:10:Hybrid-distributed-/,
	Author = {Fortmeier, Oliver and Bucker, H Martin},
	Booktitle = {High Performance Computing and Communications (HPCC), 2010 12th IEEE International Conference on},
	Date-Added = {2014-09-03 00:37:16 +0000},
	Date-Modified = {2014-09-03 00:51:14 +0000},
	Organization = {IEEE},
	Pages = {114--121},
	Title = {Hybrid distributed-/shared-memory parallelization for re-initializing level set functions},
	Year = {2010}}

@article{Fortmeier;Martin-Bucker:11:Parallel-re-initiali,
	Author = {Fortmeier, Oliver and Martin B{\"u}cker, H},
	Date-Added = {2014-09-03 00:36:49 +0000},
	Date-Modified = {2014-09-03 00:51:14 +0000},
	Journal = {Journal of Computational Physics},
	Number = {12},
	Pages = {4437--4453},
	Publisher = {Elsevier},
	Title = {Parallel re-initialization of level set functions on distributed unstructured tetrahedral grids},
	Volume = {230},
	Year = {2011}}

@phdthesis{Tugurlan:08:Fast-marching-method,
	Author = {Tugurlan, Maria Cristina},
	Date-Added = {2014-09-03 00:36:33 +0000},
	Date-Modified = {2014-09-03 00:51:14 +0000},
	School = {Louisiana State University},
	Title = {Fast marching methods-parallel implementation and analysis},
	Year = {2008}}

@article{Han;Hu;Adams:14:Adaptive-multi-resol,
	Author = {Han, LH and Hu, XY and Adams, NA},
	Date-Added = {2014-09-03 00:35:56 +0000},
	Date-Modified = {2014-09-03 00:51:14 +0000},
	Journal = {Journal of Computational Physics},
	Pages = {131--152},
	Publisher = {Elsevier},
	Title = {Adaptive multi-resolution method for compressible multi-phase flows with sharp interface model and pyramid data structure},
	Volume = {262},
	Year = {2014}}

@article{Appleyard;Drikakis:11:Higher-order-CFD-and,
	Author = {Appleyard, J and Drikakis, D},
	Date-Added = {2014-09-03 00:35:23 +0000},
	Date-Modified = {2014-09-03 00:51:14 +0000},
	Journal = {Computers \& Fluids},
	Number = {1},
	Pages = {101--105},
	Publisher = {Elsevier},
	Title = {Higher-order CFD and interface tracking methods on highly-parallel MPI and GPU systems},
	Volume = {46},
	Year = {2011}}

@incollection{Hagan;Zhao:09:Parallel-3D-image-se,
	Author = {Hagan, Aaron and Zhao, Ye},
	Booktitle = {Advances in Visual Computing},
	Date-Added = {2014-09-03 00:35:08 +0000},
	Date-Modified = {2014-09-03 00:51:14 +0000},
	Pages = {960--969},
	Publisher = {Springer},
	Title = {Parallel 3D image segmentation of large data sets on a GPU cluster},
	Year = {2009}}

@article{Herrmann:10:A-parallel-Eulerian-,
	Author = {Herrmann, Marcus},
	Date-Added = {2014-09-03 00:34:20 +0000},
	Date-Modified = {2014-09-03 00:51:14 +0000},
	Journal = {Journal of Computational Physics},
	Number = {3},
	Pages = {745--759},
	Publisher = {Elsevier},
	Title = {A parallel Eulerian interface tracking/Lagrangian point particle multi-scale coupling procedure},
	Volume = {229},
	Year = {2010}}

@article{Sussman:05:A-parallelized-adapt,
	Author = {Sussman, Mark},
	Date-Added = {2014-09-03 00:34:01 +0000},
	Date-Modified = {2014-09-03 00:51:14 +0000},
	Journal = {Computers \& structures},
	Number = {6},
	Pages = {435--444},
	Publisher = {Elsevier},
	Title = {A parallelized, adaptive algorithm for multiphase flows in general geometries},
	Volume = {83},
	Year = {2005}}

@article{Hajihashemi;El-Shenawee:10:High-performance-com,
	Author = {Hajihashemi, Mohammad R and El-Shenawee, Magda},
	Date-Added = {2014-09-03 00:33:46 +0000},
	Date-Modified = {2014-09-03 00:51:14 +0000},
	Journal = {Journal of Parallel and Distributed Computing},
	Number = {6},
	Pages = {671--679},
	Publisher = {Elsevier},
	Title = {High performance computing for the level-set reconstruction algorithm},
	Volume = {70},
	Year = {2010}}

@article{Wang;Chang;Kale;etal:06:Parallelization-of-a,
	Author = {Wang, Kai and Chang, Anthony and Kale, Laxmikant V and Dantzig, Jonathan A},
	Date-Added = {2014-09-03 00:30:35 +0000},
	Date-Modified = {2014-09-03 00:51:14 +0000},
	Journal = {Journal of Parallel and Distributed Computing},
	Number = {11},
	Pages = {1379--1386},
	Publisher = {Elsevier},
	Title = {Parallelization of a level set method for simulating dendritic growth},
	Volume = {66},
	Year = {2006}}

@article{Rodriguez;Sahni;Lahey-Jr;etal:13:A-parallel-adaptive-,
	Author = {Rodriguez, Joseph M and Sahni, Onkar and Lahey Jr, Richard T and Jansen, Kenneth E},
	Date-Added = {2014-09-03 00:30:21 +0000},
	Date-Modified = {2014-09-03 00:51:14 +0000},
	Journal = {Computers \& Fluids},
	Pages = {115--131},
	Publisher = {Elsevier},
	Title = {A parallel adaptive mesh method for the numerical simulation of multiphase flows},
	Volume = {87},
	Year = {2013}}

@article{Bangerth;Burstedde;Heister;etal:11:Algorithms-and-data-,
	Author = {Bangerth, Wolfgang and Burstedde, Carsten and Heister, Timo and Kronbichler, Martin},
	Date-Added = {2014-09-03 00:29:17 +0000},
	Date-Modified = {2014-09-03 00:51:14 +0000},
	Journal = {ACM Transactions on Mathematical Software (TOMS)},
	Number = {2},
	Pages = {14},
	Publisher = {ACM},
	Title = {Algorithms and data structures for massively parallel generic adaptive finite element codes},
	Volume = {38},
	Year = {2011}}

@inproceedings{Langer;Lifflander;Miller;etal:12:Scalable-Algorithms-,
	Author = {Langer, Akhil and Lifflander, Jonathan and Miller, Phil and Pan, Kuo-Chuan and Kale, Laxmikant V and Ricker, Paul},
	Booktitle = {Computer Architecture and High Performance Computing (SBAC-PAD), 2012 IEEE 24th International Symposium on},
	Date-Added = {2014-09-03 00:28:46 +0000},
	Date-Modified = {2014-09-03 00:51:14 +0000},
	Organization = {IEEE},
	Pages = {100--107},
	Title = {Scalable Algorithms for Distributed-Memory Adaptive Mesh Refinement},
	Year = {2012}}

@inproceedings{Burstedde;Ghattas;Gurnis;etal:08:Scalable-adaptive-ma,
	Author = {Burstedde, Carsten and Ghattas, Omar and Gurnis, Michael and Stadler, Georg and Tan, Eh and Tu, Tiankai and Wilcox, Lucas C and Zhong, Shijie},
	Booktitle = {Proceedings of the 2008 ACM/IEEE conference on Supercomputing},
	Date-Added = {2014-09-03 00:28:29 +0000},
	Date-Modified = {2014-09-03 00:51:14 +0000},
	Organization = {IEEE Press},
	Pages = {62},
	Title = {Scalable adaptive mantle convection simulation on petascale supercomputers},
	Year = {2008}}

@inproceedings{Tu;OHallaron;Ghattas:05:Scalable-parallel-oc,
	Author = {Tu, Tiankai and O'Hallaron, David R and Ghattas, Omar},
	Booktitle = {Supercomputing, 2005. Proceedings of the ACM/IEEE SC 2005 Conference},
	Date-Added = {2014-09-03 00:28:11 +0000},
	Date-Modified = {2014-09-03 00:51:14 +0000},
	Organization = {IEEE},
	Pages = {4--4},
	Title = {Scalable parallel octree meshing for terascale applications},
	Year = {2005}}

@article{Burstedde;Wilcox;Ghattas:11:p4est:-Scalable-algo,
	Author = {Burstedde, Carsten and Wilcox, Lucas C and Ghattas, Omar},
	Date-Added = {2014-09-03 00:26:34 +0000},
	Date-Modified = {2014-09-03 00:51:14 +0000},
	Journal = {SIAM Journal on Scientific Computing},
	Number = {3},
	Pages = {1103--1133},
	Publisher = {SIAM},
	Title = {p4est: Scalable algorithms for parallel adaptive mesh refinement on forests of octrees},
	Volume = {33},
	Year = {2011}}
